@phdthesis{souveton:tel-04779691,
  TITLE = {{Non-reversible and generative sampling algorithms. Application to the inference of cosmological parameters}},
  AUTHOR = {Souveton, Vincent},
  URL = {https://theses.hal.science/tel-04779691},
  NUMBER = {2024UCFA0083},
  SCHOOL = {{Universit{\'e} Clermont Auvergne}},
  YEAR = {2024},
  MONTH = Sep,
  KEYWORDS = {MCMC methods ; Unsupervised learning ; Bayesian inference ; Cosmology ; Large-Scale structure ; M{\'e}thodes MCMC ; Apprentissage non-Supervis{\'e} ; Inf{\'e}rence Bay{\'e}sienne ; Cosmologie ; Structure {\`a} grande {\'e}chelle},
  TYPE = {Theses},
  PDF = {https://theses.hal.science/tel-04779691v1/file/2024UCFA0083_SOUVETON.pdf},
  HAL_ID = {tel-04779691},
  HAL_VERSION = {v1},
}


@InProceedings{pmlr-v238-souveton24a,
  title = 	 {Fixed-kinetic Neural {H}amiltonian Flows for enhanced interpretability and reduced complexity},
  author =       {Souveton, Vincent and Guillin, Arnaud and Jasche, Jens and Lavaux, Guilhem and Michel, Manon},
  booktitle = 	 {Proceedings of The 27th International Conference on Artificial Intelligence and Statistics},
  pages = 	 {3178--3186},
  year = 	 {2024},
  editor = 	 {Dasgupta, Sanjoy and Mandt, Stephan and Li, Yingzhen},
  volume = 	 {238},
  series = 	 {Proceedings of Machine Learning Research},
  month = 	 {02--04 May},
  publisher =    {PMLR},
  pdf = 	 {https://proceedings.mlr.press/v238/souveton24a/souveton24a.pdf},
  url = 	 {https://proceedings.mlr.press/v238/souveton24a.html}
}
